<?xml version="1.0" encoding="UTF-8"?><collection xmlns="http://www.loc.gov/MARC21/slim"><record><leader>00413nam--2200145-i-4500</leader><controlfield tag="001">000011677</controlfield><controlfield tag="002">20161230</controlfield><controlfield tag="005">20161230201029</controlfield><controlfield tag="008">060222s1000------------r-----000-0-eng-d</controlfield><datafield ind1=" " ind2=" " tag="080"><subfield code="a">530.12:530.145(061.3)</subfield></datafield><datafield ind1=" " ind2=" " tag="245"><subfield code="a">Causalisty and physical theories</subfield></datafield><datafield ind1=" " ind2=" " tag="260"><subfield code="a">New York, American Institute Of Physics, 1974. 177 P</subfield></datafield><datafield ind1=" " ind2=" " tag="490"><subfield code="a">Aip Conference Proceedings. Series</subfield></datafield><datafield ind1=" " ind2=" " tag="700"><subfield code="a">William B. Rolnick</subfield></datafield><datafield ind1=" " ind2=" " tag="852"><subfield code="a">37027</subfield></datafield></record></collection>